
@article{michel2011quantitativeanalysisculture,
	title = {Quantitative Analysis of Culture Using Millions of Digitized Books},
	author = {Michel, Jean-Baptiste and Shen, Yuan Kui and Aiden, Aviva Presser and Veres, Adrian and Gray, Matthew K. and The Google Books Team,  and Pickett, Joseph P. and Hoiberg, Dale and Clancy, Dan and Norvig, Peter and Orwant, Jon and Pinker, Steven and Nowak, Martin A. and Aiden, Erez Lieberman},
	year = {2011},
	month = {01},
	date = {2011-01-14},
	journal = {Science},
	pages = {176--182},
	volume = {331},
	number = {6014},
	doi = {10.1126/science.1199644},
	url = {https://www.science.org/doi/10.1126/science.1199644},
	langid = {en}
}

@article{barrRandomEffectsStructure2013,
	title = {Random effects structure for confirmatory hypothesis testing: Keep it maximal},
	author = {Barr, Dale J. and Levy, Roger and Scheepers, Christoph and Tily, Harry J.},
	year = {2013},
	date = {2013},
	journal = {Journal of Memory and Language},
	pages = {255--278},
	volume = {68},
	number = {3},
	doi = {10.1016/j.jml.2012.11.001},
	url = {http://dx.doi.org/10.1016/j.jml.2012.11.001},
	note = {PMID: 24403724
Publisher: Elsevier Inc.}
}

@article{morganAbstractKnowledgeDirect2016,
	title = {Abstract knowledge versus direct experience in processing of binomial expressions},
	author = {Morgan, Emily and Levy, Roger},
	year = {2016},
	date = {2016},
	journal = {Cognition},
	pages = {384--402},
	volume = {157},
	doi = {10.1016/j.cognition.2016.09.011},
	url = {http://dx.doi.org/10.1016/j.cognition.2016.09.011},
	note = {PMID: 27776281
Publisher: The Authors}
}

@article{houghtonTaskdependentConsequencesDisfluency2024,
	title = {Task-dependent consequences of disfluency in perception of native and non-native speech},
	author = {Houghton, Zachary and Kato, Misaki and Baese-Berk, Melissa and Vaughn, Charlotte},
	year = {2024},
	month = {01},
	date = {2024-01},
	journal = {Applied Psycholinguistics},
	pages = {1--17},
	doi = {10.1017/S0142716423000486},
	url = {https://www.cambridge.org/core/journals/applied-psycholinguistics/article/taskdependent-consequences-of-disfluency-in-perception-of-native-and-nonnative-speech/24E2657CBFAEAE3A2BC7A2493983732F},
	note = {Publisher: Cambridge University Press},
	langid = {en}
}
